<collection xmlns="http://www.loc.gov/MARC21/slim">
<record>
  <leader>01074nam0a22002411i 450 </leader>
  <controlfield tag="001">IT\ICCU\CNCE\057619</controlfield>
  <controlfield tag="005">20150706000000.0</controlfield>
  <datafield tag="100" ind1=" " ind2=" ">
    <subfield code="a">20040423d1520        0itac0103    ba</subfield>
  </datafield>
  <datafield tag="101" ind1=" " ind2=" ">
    <subfield code="a">ITA</subfield>
  </datafield>
  <datafield tag="102" ind1=" " ind2=" ">
    <subfield code="a">IT</subfield>
  </datafield>
  <datafield tag="200" ind1="1" ind2=" ">
    <subfield code="a">\Felice noue oggi vi porto amanti ... !</subfield>
  </datafield>
  <datafield tag="210" ind1=" " ind2=" ">
    <subfield code="e">Impresso in Milano</subfield>
    <subfield code="g">per Augustino de Vicomercato</subfield>
    <subfield code="g">ad instantia de Ioanne Iacobo et fratelli de Legnano</subfield>
    <subfield code="h">1520 a di III de febraro</subfield>
  </datafield>
  <datafield tag="215" ind1=" " ind2=" ">
    <subfield code="a">\22! c.</subfield>
    <subfield code="d">4ʻ</subfield>
  </datafield>
  <datafield tag="300" ind1=" " ind2=" ">
    <subfield code="a">Il titolo si ricava dall&apos;incipit</subfield>
  </datafield>
  <datafield tag="620" ind1=" " ind2=" ">
    <subfield code="a">IT</subfield>
    <subfield code="d">Milano</subfield>
  </datafield>
  <datafield tag="700" ind1=" " ind2="1">
    <subfield code="a">Venturini,</subfield>
    <subfield code="b">Venturino</subfield>
    <subfield code="3">IT\ICCU\CNCA\002175</subfield>
  </datafield>
  <datafield tag="712" ind1="0" ind2="2">
    <subfield code="a">Agostino da Vimercate</subfield>
    <subfield code="3">IT\ICCU\CNCT\000877</subfield>
    <subfield code="4">650</subfield>
  </datafield>
  <datafield tag="712" ind1="0" ind2="0">
    <subfield code="a">Da_Legnano, Giovanni Giacomo &amp; fratelli</subfield>
    <subfield code="3">IT\ICCU\CNCT\001554</subfield>
    <subfield code="4">650</subfield>
  </datafield>
  <datafield tag="790" ind1=" " ind2="0">
    <subfield code="a">Venturino</subfield>
    <subfield code="c"> : da#Pesaro</subfield>
    <subfield code="3">IT\ICCU\CNCA\015015</subfield>
    <subfield code="z">Venturini, Venturino</subfield>
  </datafield>
  <datafield tag="791" ind1="0" ind2="0">
    <subfield code="a">Vimercate, Agostino da</subfield>
    <subfield code="3">IT\ICCU\CNCT\002967</subfield>
    <subfield code="z">Agostino da Vimercate</subfield>
  </datafield>
  <datafield tag="791" ind1="0" ind2="0">
    <subfield code="a">Vicomercato, Augustinus de</subfield>
    <subfield code="3">IT\ICCU\CNCT\003616</subfield>
    <subfield code="z">Agostino da Vimercate</subfield>
  </datafield>
  <datafield tag="801" ind1=" " ind2="3">
    <subfield code="a">IT</subfield>
    <subfield code="b">ICCU</subfield>
    <subfield code="c">20201115</subfield>
  </datafield>
  <datafield tag="899" ind1=" " ind2=" ">
    <subfield code="a">Archivio storico civico e Biblioteca Trivulziana. Milano</subfield>
    <subfield code="z">MUTILO</subfield>
    <subfield code="1">MI0327</subfield>
    <subfield code="2">LO1 13</subfield>
  </datafield>
</record>
</collection>
